<?xml version="1.0" encoding="UTF-8"?><collection xmlns="http://www.loc.gov/MARC21/slim"><record><leader>00553nam--2200145-i-4500</leader><controlfield tag="001">000009602</controlfield><controlfield tag="002">20161230</controlfield><controlfield tag="005">20161230201028</controlfield><controlfield tag="008">060222s1000------------r-----000-0-eng-d</controlfield><datafield ind1="1" ind2=" " tag="100"><subfield code="a">Cazacu, Cabiria Andreian (Ed.)</subfield></datafield><datafield ind1=" " ind2=" " tag="245"><subfield code="a">Proceedings of the romanian-finnish seminar on teichmuller spaces and quasiconformal mappings brasov, romania, 1969. volume dedicated to the memory of e.lindelef and s.stoilow</subfield></datafield><datafield ind1=" " ind2=" " tag="260"><subfield code="a">Bucharest, Academy Of The Socialist Republic Of Romania, 1971</subfield></datafield><datafield ind1=" " ind2=" " tag="300"><subfield code="a">307 p</subfield></datafield><datafield ind1=" " ind2=" " tag="852"><subfield code="a">34488</subfield><subfield code="c">512</subfield></datafield><datafield ind1=" " ind2=" " tag="CAT"><subfield code="a">Sys</subfield><subfield code="c">20080508</subfield><subfield code="h">145337</subfield></datafield></record></collection>